
@article{klick2006,
	title = {Are mental health insurance mandates effective? Evidence from suicides},
	author = {Klick, Jonathan and Markowitz, Sara},
	year = {2006},
	date = {2006},
	journal = {Health Economics},
	pages = {83--97},
	volume = {15},
	number = {1},
	doi = {10.1002/hec.1023},
	url = {https://onlinelibrary.wiley.com/doi/abs/10.1002/hec.1023},
	note = {{\_}eprint: https://onlinelibrary.wiley.com/doi/pdf/10.1002/hec.1023},
	langid = {en}
}

@article{lang2013,
	title = {The Impact of Mental Health Insurance Laws on State Suicide Rates},
	author = {Lang, Matthew},
	year = {2013},
	date = {2013},
	journal = {Health Economics},
	pages = {73--88},
	volume = {22},
	number = {1},
	doi = {10.1002/hec.1816},
	url = {https://onlinelibrary.wiley.com/doi/abs/10.1002/hec.1816},
	note = {{\_}eprint: https://onlinelibrary.wiley.com/doi/pdf/10.1002/hec.1816},
	langid = {en}
}

@misc{centers,
	title = {Centers for Disease Control and Prevention, National Centers for Injury Prevention and Control. Web-based Injury Statistics Query and Reporting System (WISQARS) [online]. (2005)}
}

@misc{samsha2024,
  title= {Substance Abuse and Mental Health Services Administration. (2024). Key substance use and mental health indicators in the United States: Results from the 2023 National Survey on Drug Use and Health (HHS Publication No. PEP24-07-021, NSDUH Series H-59). Center for Behavioral Health Statistics and Quality, Substance Abuse and Mental Health Services Administration. https://www.samhsa.gov/data/report/2023-nsduh-annual-national-report}
}
